<record><leader>00000cas a2200000 a 4500</leader><controlfield tag="001">32693189</controlfield><controlfield tag="008">950622c19759999tnuwr ne      0   a0eng d</controlfield><datafield ind1=" " ind2=" " tag="010"><subfield code="a">sn 98069873 </subfield></datafield><datafield ind1=" " ind2=" " tag="040"><subfield code="a">THM</subfield><subfield code="b">eng</subfield><subfield code="c">THM</subfield><subfield code="d">TGN</subfield><subfield code="d">OCL</subfield><subfield code="d">OCLCQ</subfield><subfield code="d">OCLCF</subfield><subfield code="d">OCLCO</subfield></datafield><datafield ind1="1" ind2=" " tag="029"><subfield code="a">AU@</subfield><subfield code="b">000014247830</subfield></datafield><datafield ind1=" " ind2=" " tag="037"><subfield code="b">Box 187, Newbern, Tenn. 38059</subfield></datafield><datafield ind1=" " ind2=" " tag="042"><subfield code="a">msc</subfield></datafield><datafield ind1=" " ind2=" " tag="043"><subfield code="a">n-us-tn</subfield></datafield><datafield ind1="0" ind2="4" tag="245"><subfield code="a">The Dyer County Tennessean.</subfield></datafield><datafield ind1="1" ind2=" " tag="246"><subfield code="i">Colophon title:</subfield><subfield code="a">Tennessean</subfield></datafield><datafield ind1=" " ind2=" " tag="260"><subfield code="a">Newbern, Tenn. :</subfield><subfield code="b">Mr. &amp; Mrs. Wm. T. Anderson,</subfield><subfield code="c">1975-</subfield></datafield><datafield ind1=" " ind2=" " tag="300"><subfield code="a">v. :</subfield><subfield code="b">ill. ;</subfield><subfield code="c">58 cm.</subfield></datafield><datafield ind1=" " ind2=" " tag="310"><subfield code="a">Weekly</subfield></datafield><datafield ind1=" " ind2=" " tag="588"><subfield code="a">Description based on: 87th year, no. 15 (Apr. 10, 1975).</subfield></datafield><datafield ind1=" " ind2="0" tag="651"><subfield code="a">Newbern (Tenn.)</subfield><subfield code="v">Newspapers.</subfield></datafield><datafield ind1=" " ind2="0" tag="651"><subfield code="a">Dyer County (Tenn.)</subfield><subfield code="v">Newspapers.</subfield></datafield><datafield ind1=" " ind2="7" tag="655"><subfield code="a">Newspapers.</subfield><subfield code="2">fast</subfield><subfield code="0">(OCoLC)fst01423814</subfield></datafield><datafield ind1=" " ind2="7" tag="651"><subfield code="a">Tennessee</subfield><subfield code="z">Dyer County.</subfield><subfield code="2">fast</subfield><subfield code="0">(OCoLC)fst01206794</subfield></datafield><datafield ind1=" " ind2="7" tag="651"><subfield code="a">Tennessee</subfield><subfield code="z">Newbern.</subfield><subfield code="2">fast</subfield><subfield code="0">(OCoLC)fst01206789</subfield></datafield><datafield ind1=" " ind2=" " tag="752"><subfield code="a">United States</subfield><subfield code="b">Tennessee</subfield><subfield code="c">Dyer</subfield><subfield code="d">Newbern.</subfield></datafield><datafield ind1="0" ind2="0" tag="780"><subfield code="t">Tennessean (Newbern, Tenn.)</subfield><subfield code="w">(DLC)sn 98069872</subfield></datafield></record>